@article{Dowrick_2016,
  doi = {10.1088/0967-3334/37/6/765},
  url = {http://dx.doi.org/10.1088/0967-3334/37/6/765},
  year = {2016},
  month = {may},
  publisher = {{IOP} Publishing},
  volume = {37},
  number = {6},
  pages = {765--784},
  author = {T Dowrick and C Blochet and D Holder},
  title = {{In vivobioimpedance changes during haemorrhagic and ischaemic stroke in rats: towards 3D stroke imaging using electrical impedance tomography}},
  journal = {Physiol. Meas.},
}
